@comment{x-kbibtex-encoding=utf-8}

@unpublished{Schuller,
	author = {Schuller, Frederic and Rea, Simon and Dadhley, Richie},
	institution = {Friedrich-Alexander-Universität Erlangen-Nürnberg, Institut für Theoretische Physik III},
	title = {Lectures on Quantum Theory},
	url = {https://docs.wixstatic.com/ugd/6b203f_a94140db21404ae69fd8b367d9fcd360.pdf},
	year = {2019},
	note = {Lecturer: Prof.\@ Frederic Paul Schuller}
}

@misc{SchullerVideos,
	author = {Schuller, Frederic},
	title = {Lectures on Quantum Theory},
	url = {https://youtube.com/playlist?list=PLPH7f_7ZlzxQVx5jRjbfRGEzWY_upS5K6},
	year = {2015}
}

@book{Bowers,
	author = {Bowers, Philip},
	isbn = {978-1-108-42976-4},
	publisher = {Cambridge University Press, Cambridge},
	title = {Lectures on Quantum Mechanics},
	year = {2020}
}

@book{Reed,
	author = {Reed, Michael and Simon, Barry},
	isbn = {978-0-080-57048-8},
	publisher = {Academic Press, Inc. London},
	title = {Methods of Modern Mathematical Analysis I: Functional Analysis},
	edition = {Revised and Enlarged editon},
	year = {1980},
	volume = 1,
}

@misc{MorettiDomain,
	author = {Valter Moretti (\url{https://physics.stackexchange.com/users/35354/valter-moretti})},
	howpublished = {Physics Stack Exchange (\url{https://physics.stackexchange.com})},
	note = {(version: 2014-07-23 00:40:35Z)},
	title = {Answer to the question `What are the proper domains of the position and squared angular momentum operator?'},
	url = {https://physics.stackexchange.com/a/127629/81224}
}

@book{MorettiSpectral,
	author = {Moretti, Valter},
	isbn = {978-3-319-70705-1},
	publisher = {Springer Cham},
	title = {Spectral Theory and Quantum Mechanics: Mathematical Foundations of Quantum Theories, Symmetries and Introduction to the Algebraic Formulation},
	edition = {2},
	year = {2018}
}

